@article{Alfarra2020ClusTR,
  author    = {Motasem Alfarra and
               Juan C. P{\'{e}}rez and
               Adel Bibi and
               Ali K. Thabet and
               Pablo Arbel{\'{a}}ez and
               Bernard Ghanem},
  title     = {ClusTR: Clustering Training for Robustness},
  journal   = {CoRR},
  volume    = {abs/2006.07682},
  year      = {2020},
  url       = {https://arxiv.org/abs/2006.07682},
  eprinttype = {arXiv},
  eprint    = {2006.07682},
  timestamp = {Thu, 14 Oct 2021 09:15:57 +0200},
  biburl    = {https://dblp.org/rec/journals/corr/abs-2006-07682.bib},
  bibsource = {dblp computer science bibliography, https://dblp.org}
}

@article{Rippel2015Magnet,
  title={Metric Learning with Adaptive Density Discrimination},
  author={Oren Rippel and Manohar Paluri and Piotr Doll{\'a}r and Lubomir D. Bourdev},
  journal={CoRR},
  year={2016},
  volume={abs/1511.05939}
}

@inproceedings{Madry2017Robust,
    title={Towards Deep Learning Models Resistant to Adversarial Attacks},
    author={Aleksander Madry and Aleksandar Makelov and Ludwig Schmidt and Dimitris Tsipras and Adrian Vladu},
    booktitle={International Conference on Learning Representations},
    year={2018},
    url={https://openreview.net/forum?id=rJzIBfZAb},
}


@InProceedings{Zhang2019TRADES,
  title = 	 {Theoretically Principled Trade-off between Robustness and Accuracy},
  author =       {Zhang, Hongyang and Yu, Yaodong and Jiao, Jiantao and Xing, Eric and Ghaoui, Laurent El and Jordan, Michael},
  booktitle = 	 {Proceedings of the 36th International Conference on Machine Learning},
  pages = 	 {7472--7482},
  year = 	 {2019},
  editor = 	 {Chaudhuri, Kamalika and Salakhutdinov, Ruslan},
  volume = 	 {97},
  series = 	 {Proceedings of Machine Learning Research},
  month = 	 {09--15 Jun},
  publisher =    {PMLR},
  pdf = 	 {http://proceedings.mlr.press/v97/zhang19p/zhang19p.pdf},
  url = 	 {https://proceedings.mlr.press/v97/zhang19p.html},
}

@article{Croce2020RobustBench,
    title={RobustBench: a standardized adversarial robustness benchmark},
    author={Croce, Francesco and Andriushchenko, Maksym and Sehwag, Vikash and Debenedetti, Edoardo and Flammarion, Nicolas
    and Chiang, Mung and Mittal, Prateek and Matthias Hein},
    journal={arXiv preprint arXiv:2010.09670},
    year={2020}
}

@inproceedings{Croce2020AutoAttack, 
    author = {Croce, Francesco and Hein, Matthias}, 
    title = {Reliable Evaluation of Adversarial Robustness with an Ensemble of Diverse Parameter-Free Attacks}, 
    year = {2020}, 
    publisher = {JMLR.org}, 
    booktitle = {Proceedings of the 37th International Conference on Machine Learning}, 
    articleno = {206}, 
    numpages = {11}, 
    series = {ICML'20} }

@misc{Carlini2019Robustness,
  doi = {10.48550/ARXIV.1902.06705},
  url = {https://arxiv.org/abs/1902.06705},
  author = {Carlini, Nicholas and Athalye, Anish and Papernot, Nicolas and Brendel, Wieland and Rauber, Jonas and Tsipras, Dimitris and Goodfellow, Ian and Madry, Aleksander and Kurakin, Alexey},
  title = {On Evaluating Adversarial Robustness},
  publisher = {arXiv},
  year = {2019}
}

@article{Weinberger2009Distance,
  author  = {Kilian Q. Weinberger and Lawrence K. Saul},
  title   = {Distance Metric Learning for Large Margin Nearest Neighbor Classification},
  journal = {Journal of Machine Learning Research},
  year    = {2009},
  volume  = {10},
  number  = {9},
  pages   = {207-244},
  url     = {http://jmlr.org/papers/v10/weinberger09a.html}
}

@inproceedings{Croce2019FAB,
  title={Minimally distorted Adversarial Examples with a Fast Adaptive Boundary Attack},
  author={Francesco Croce and Matthias Hein},
  booktitle={ICML},
  year={2020}
}

@article{Andriushchenko2019SquareAttack,
       author = {{Andriushchenko}, Maksym and {Croce}, Francesco and {Flammarion}, Nicolas and {Hein}, Matthias},
        title = "{Square Attack: a query-efficient black-box adversarial attack via random search}",
      journal = {arXiv e-prints},
         year = 2019,
        month = nov,
          eid = {arXiv:1912.00049},
        pages = {arXiv:1912.00049},
archivePrefix = {arXiv},
       eprint = {1912.00049},
 primaryClass = {cs.LG},
       adsurl = {https://ui.adsabs.harvard.edu/abs/2019arXiv191200049A},
      adsnote = {Provided by the SAO/NASA Astrophysics Data System}
}

@article{Bezdek1984FCM,
  title={FCM: The fuzzy c-means clustering algorithm},
  author={Bezdek, James C and Ehrlich, Robert and Full, William},
  journal={Computers \& geosciences},
  volume={10},
  number={2-3},
  pages={191--203},
  year={1984},
  publisher={Elsevier}
}

@inproceedings{Lai2015NLP, 
    author = {Lai, Siwei and Xu, Liheng and Liu, Kang and Zhao, Jun}, 
    title = {Recurrent Convolutional Neural Networks for Text Classification}, year = {2015}, 
    isbn = {0262511290}, 
    publisher = {AAAI Press}, 
    booktitle = {Proceedings of the Twenty-Ninth AAAI Conference on Artificial Intelligence}, 
    pages = {2267–2273}, 
    numpages = {7}, 
    location = {Austin, Texas}, 
    series = {AAAI'15} 
}

@article{Sun2015FaceRecog,
  author = {Sun, Yi and Liang, Ding and Wang, Xiaogang and Tang, Xiaoou},
  ee = {http://arxiv.org/abs/1502.00873},
  journal = {CoRR},
  title = {DeepID3: Face Recognition with Very Deep Neural Networks.},
  url = {http://dblp.uni-trier.de/db/journals/corr/corr1502.html#SunLWT15},
  volume = {abs/1502.00873},
  year = {2015}
}

@article{Boulent2019PlantDisease,
    author={Boulent, Justine and Foucher, Samuel and Théau, Jérôme and St-Charles, Pierre-Luc},   
    title={Convolutional Neural Networks for the Automatic Identification of Plant Diseases},      
    journal={Frontiers in Plant Science},      
    volume={10},      
    year={2019},      
    url={https://www.frontiersin.org/article/10.3389/fpls.2019.00941},       
    doi={10.3389/fpls.2019.00941},      
    issn={1664-462X}
}

@inproceedings{Pavlopoulos2017Moderation,
    title = {Deeper Attention to Abusive User Content Moderation},
    author = {Pavlopoulos, John  and Malakasiotis, Prodromos  and Androutsopoulos, Ion},
    booktitle = {Proceedings of the 2017 Conference on Empirical Methods in Natural Language Processing},
    month = {sep},
    year = {2017},
    address = {Copenhagen, Denmark},
    publisher = {Association for Computational Linguistics},
    url = {https://aclanthology.org/D17-1117},
    doi = {10.18653/v1/D17-1117},
    pages = {1125--1135},
}

@misc{Szegedy2013Robust,
  doi = {10.48550/ARXIV.1312.6199},
  url = {https://arxiv.org/abs/1312.6199},
  author = {Szegedy, Christian and Zaremba, Wojciech and Sutskever, Ilya and Bruna, Joan and Erhan, Dumitru and Goodfellow, Ian and Fergus, Rob},
  title = {Intriguing properties of neural networks},
  publisher = {arXiv},
  year = {2013},
  copyright = {Creative Commons Attribution 3.0 Unported}
}

@InProceedings{Biggio2013Robust,
    author={Biggio, Battista and Corona, Igino and Maiorca, Davide and Nelson, Blaine and {\v{S}}rndi{\'{c}}, Nedim and Laskov, Pavel and Giacinto, Giorgio and Roli, Fabio},
    editor={Blockeel, Hendrik and Kersting, Kristian and Nijssen, Siegfried and {\v{Z}}elezn{\'y}, Filip},
    title={Evasion Attacks against Machine Learning at Test Time},
    booktitle="Machine Learning and Knowledge Discovery in Databases",
    year={2013},
    publisher={Springer Berlin Heidelberg},
    address={Berlin, Heidelberg},
    pages={387--402}
}

@inproceedings{Garg2020ComputationalRobustness,
  title={Adversarially Robust Learning Could Leverage Computational Hardness},
  author={Sanjam Garg and Somesh Jha and Saeed Mahloujifar and Mohammad Mahmoody},
  booktitle={ALT},
  year={2020}
}